<?xml version="1.0" encoding="UTF-8"?><collection><record><leader>08439ntm a2200613 a 4500</leader><controlfield tag="001">006836653</controlfield><controlfield tag="003">MiAaHDL</controlfield><controlfield tag="005">20190719000000.0</controlfield><controlfield tag="006">m        d        </controlfield><controlfield tag="007">cr bn ---auaua</controlfield><controlfield tag="008">090708s1459    xx            00| ||ara d</controlfield><datafield tag="035" ind1=" " ind2=" "><subfield code="a">(MiU)006836653</subfield></datafield><datafield tag="035" ind1=" " ind2=" "><subfield code="a">sdr-miu006836653</subfield></datafield><datafield tag="040" ind1=" " ind2=" "><subfield code="a">MiU</subfield><subfield code="c">MiU</subfield><subfield code="e">amremm</subfield></datafield><datafield tag="043" ind1=" " ind2=" "><subfield code="a">n-us-mi</subfield></datafield><datafield tag="100" ind1="0" ind2=" "><subfield code="6">880-01</subfield><subfield code="a">Ḥarīrī,</subfield><subfield code="d">1054-1122.</subfield></datafield><datafield tag="240" ind1="1" ind2="0"><subfield code="6">880-02</subfield><subfield code="a">Maqāmāt</subfield></datafield><datafield tag="245" ind1="1" ind2="3"><subfield code="6">880-03</subfield><subfield code="a">al-Maqāmāt,</subfield><subfield code="f">[863, i.e. 1459].</subfield></datafield><datafield tag="246" ind1="3" ind2=" "><subfield code="6">880-04</subfield><subfield code="i">Title from inscription on 'title page' (p.1):</subfield><subfield code="a">هذا كتاب مقامات حريري</subfield></datafield><datafield tag="246" ind1="3" ind2=" "><subfield code="i">Edge title (tail):</subfield><subfield code="a">مقامات الحريري</subfield></datafield><datafield tag="260" ind1=" " ind2=" "><subfield code="c">[1459].</subfield></datafield><datafield tag="300" ind1=" " ind2=" "><subfield code="a">237 leaves :</subfield><subfield code="b">paper ;</subfield><subfield code="c">265 x 185 (183 x 108) mm.</subfield></datafield><datafield tag="500" ind1=" " ind2=" "><subfield code="a">Shelfmark: Ann Arbor, University of Michigan, Special Collections Library, Isl. Ms. 863</subfield></datafield><datafield tag="500" ind1=" " ind2=" "><subfield code="a">Origin: As appears in colophon on p.474, copied by Amīn al-Dīn Muḥammad al-Samarqandī al-Ḥanafī with transcription completed 1 Shaʻbān 863 [ca. 3 June 1459].</subfield></datafield><datafield tag="500" ind1=" " ind2=" "><subfield code="a">Accompanying materials: a. Strip of paper with "#7" in red pencil -- b. Recycled catalog card with note in pencil "early ms. worth investigating" -- c. Slip of paper with notes in handwriting of E. M. Hussleman "Ḳasīm ibn ʻAlī, Abu Muḥammad, called al-Harīrī. Maḳāmāt. Copied A.H. 863 = AD1458 | cf. Mich. MS. Isl. 3rd lot numbered 148 | 237 ff 472 pp.-- d. Slip of ledger paper with notes in French giving inventory number "Livre no 2" and characterizing contents (title, author, copyist, date of transcription, script, dimensions, and extent), on reverse a few words in crude Arabic -- e. Slip of paper with inscription in ink "Counted for 1968/69 Annual Report" -- f. Slip of paper with inscription in ink "Persian MSS (Heyworth-Dunne?) Husselman notes" -- g. Page with list of titles torn from a seller's catalogue (Librairie Maisonneuve Frères, éditeurs | 3, rue du Sabot, Paris VIe) inscribed "May 1930" and entry for this manuscript "324. HARIRI (Aboû Mohammed al-Gâsim ibn Ali al-Hariri). Les Maqâmât, ou les différentes formes du style arabe. In-4 rel. 350 fr. Manuscrit d'une magnifique calligraphie persane. Copié par Amin ed Din el Molla Samarkandi, le dimanche 1er Chaâkan 863 de l'Hégire (1458 J.-Ch.) et exécuté probablement en Perse. - Hauteur, 26 cm. 1/2; largeur, 18 cm. - 238 ff. - Tache d'eau et la reliure est détériorée."</subfield></datafield><datafield tag="500" ind1=" " ind2=" "><subfield code="a">Former shelfmark: Mich. Isl. Ms. temp. no. 12 ; "No. 3" from upper cover label.</subfield></datafield><datafield tag="500" ind1=" " ind2=" "><subfield code="a">Binding: Pasteboards covered in a dark brown leather ; Type II binding (with flap, though now lost) ; board linings in untinted paper ; upper and lower covers carry four-lobed or petalled central ornament built up of a repeated stamp, as well as elegant blind-tooled borders in a series of square stamps filled with vegetal interlace designs defined by blind rules ; sewn in cream thread, two stations ; endbands damaged with significant losses at head and tail though traces of blue thread, core of headband, and primaries remain (clearly stitched through textile spine lining) ; overall in poor condition with flap lost, much abrasion, staining, lifting and losses of leather, delamination of boards, pest damage, etc. ; recycled paper (manuscript 'waste') used in pasteboards ; repair to spine (rebacked) in dark brown leather, also damaged ; housed in box for protection.</subfield></datafield><datafield tag="500" ind1=" " ind2=" "><subfield code="a">Support: non-European (likely Arab) laid paper with roughly 8 laid lines per cm. (horizontal) and chain lines grouped in threes with 11-12 mm. between chains and roughly 44 mm. between groups (see p.182, etc.), thick and sturdy, medium cream in color, well-burnished ; replacement leaves carrying pp.19-22 in European laid paper with bull's head watermark (with snake on cross pole above) ; back flyleaf in European laid paper with hand (six petalled flower above) watermark ; some pest damage ; repairs.</subfield></datafield><datafield tag="500" ind1=" " ind2=" "><subfield code="a">Decoration: Section headings and many glosses rubricated, a few in now light brown ink (see p.27, etc.) ; written area of incipit page surrounded by double rule-border (in black ink), elsewhere written area surrounded by red rule-border.</subfield></datafield><datafield tag="500" ind1=" " ind2=" "><subfield code="a">Script: Naskh ; elegant hand ; partially but irregularly seriffed with right-sloping head-serifs on occasional lām, even free-standing alif, slight effect of tilt to the left, elongation of horizontal strokes, curvilinear descenders, mainly open counters, pointing in distinct dots, kāf mashkūlah (mashqūqah) preferred with shaqq even on final kāf, final yāʼ usually unpointed.</subfield></datafield><datafield tag="500" ind1=" " ind2=" "><subfield code="a">Layout: Written in 13 lines per page ; frame-ruled.</subfield></datafield><datafield tag="500" ind1=" " ind2=" "><subfield code="a">Collation: V+1 (11), V (21), VI (33), V+1 (44), V-1 (53), 11 V(163), IV (171), 4 V(211), V-2 (219), 2 V-1(237), i ; chiefly quinions ; leaves left partially blank at opening of virtually each maqāmah ; catchwords present ; pagination in pencil, Western numerals, supplied during digitization (includes back flyleaf).</subfield></datafield><datafield tag="500" ind1=" " ind2=" "><subfield code="a">Colophon: "Scribal," triangular, reads "قد وقع الفراغ من تحرير هذه النسخة الشريفة اللطيفة على يد العبد الفقير الراجي لطف ربه الخفي امين الدين محمد السمرقندي الحنفي في يوم الاحد الاول من شهر شعبان عامة ثلاث وستين وثمانمائة"</subfield></datafield><datafield tag="500" ind1=" " ind2=" "><subfield code="a">Explicit: "ويخطي بالعفو انه هو اهل التقوى واهل المغفرة وولي الخيرات في الدنيا والاخرة تمت المقامات بحمد الله ومنه وصلى الله على سيدنا محمد واله ورضي الله عن كل الصحابة اجمعين"</subfield></datafield><datafield tag="500" ind1=" " ind2=" "><subfield code="a">Incipit: "اللهم انا نحمدك على ما علمت من البيان والهمت من التبيان كما نحمدك على ما [اسبغت] من العطا واسبلت من الغطاء ..."</subfield></datafield><datafield tag="500" ind1=" " ind2=" "><subfield code="a">Title from close on p.473.</subfield></datafield><datafield tag="500" ind1=" " ind2=" "><subfield code="a">Ms. codex.</subfield></datafield><datafield tag="510" ind1="4" ind2=" "><subfield code="a">Ḥājjī Khalīfah. Kashf al-ẓunūn,</subfield><subfield code="c">vi 57-8</subfield></datafield><datafield tag="510" ind1="4" ind2=" "><subfield code="a">Brockelmann, C. GAL,</subfield><subfield code="c">I 276</subfield></datafield><datafield tag="520" ind1="8" ind2=" "><subfield code="a">Elegant copy of al-Ḥarīrī’s (d.1122) celebrated Maqāmāt or Sessions modeled after those of al-Hamadhānī (d.1008).</subfield></datafield><datafield tag="538" ind1=" " ind2=" "><subfield code="a">Mode of access: Internet.</subfield></datafield><datafield tag="541" ind1=" " ind2=" "><subfield code="c">Gift ;</subfield><subfield code="a">Acquired from Frank E. Nuttall (1875-1943).</subfield></datafield><datafield tag="546" ind1=" " ind2=" "><subfield code="a">Arabic.</subfield></datafield><datafield tag="561" ind1=" " ind2=" "><subfield code="a">Inscriptions in ink "Les Makamat de Hariri | Manuscript copié en 863 del'hegire par un nommé Amin ed Din el Molla Samarkandi, probablement en Perse" and in pencil "3644 Rare tres belle calligraph" on slip affixed to upper board lining ; ownership statement on 'title page' (p.1) in name of İbrahim b. Hacı Mehmet Çaviş ( Ibrāhīm ibn Ḥājj Muḥammad Chāvīsh / ابراهيم بن حاج محمد چاويش ) of Antakya (Antioch) with book price / value ; in outer margin of p.219, ownership statement (with price 3 ghurūsh) in name of Muṣṭafá al-Wazīrī al-Qaṭāmī [?] (مصطفى الوزيري القطامي [?]), statement reads "وقد دخل في ملك الحاج مصطفى الوزيري القطامي [؟] ... عفي الله عنه وعن كل المسلمين الثمن ٣ غروش" ; study / reading notice at close on p.474 in name of one Muḥammad ibn Aḥmad ibn Muḥammad al-Ḥanafī [?] ( محمد بن احمد بن محمد الحنفى ) ; on back flyleaf (p.476) listing of titles and borrowing / lending notice dated 1 Rabīʻ I 965 [ca. 22 December 1557] in name of al-Ḥājj Maḥmūd ibn Ṭallāʻ ( الحاج محمود بن طلاع ) who borrowed the items apparently for a period of three years ; numerous interlinear and marginal glosses (some rubricated) ; many marginal corrections ; occasional notabilia (side-heads).</subfield></datafield><datafield tag="650" ind1=" " ind2="0"><subfield code="a">Manuscripts, Arabic</subfield><subfield code="z">Michigan</subfield><subfield code="z">Ann Arbor.</subfield></datafield><datafield tag="650" ind1=" " ind2="0"><subfield code="a">Arabic prose literature</subfield><subfield code="v">Early works to 1800.</subfield></datafield><datafield tag="700" ind1="1" ind2=" "><subfield code="a">Nuttall, Frank E.,</subfield><subfield code="d">1875-1943,</subfield><subfield code="e">former owner.</subfield></datafield><datafield tag="700" ind1="0" ind2=" "><subfield code="6">880-05</subfield><subfield code="a">Amīn al-Dīn Muḥammad al-Samarqandī,</subfield><subfield code="d">fl. 1459,</subfield><subfield code="e">scribe.</subfield></datafield><datafield tag="773" ind1="0" ind2=" "><subfield code="a">F. E. Nuttall Collection.</subfield></datafield><datafield tag="880" ind1="0" ind2=" "><subfield code="6">700-05/</subfield><subfield code="a">امين الدين محمد السمرقندى,</subfield><subfield code="e">ناسخ.</subfield></datafield><datafield tag="880" ind1="3" ind2=" "><subfield code="6">246-04/</subfield><subfield code="a">Hāẕā Kitāb-i Maqāmāt-i Ḥarīrī</subfield></datafield><datafield tag="880" ind1="1" ind2="2"><subfield code="6">245-03/</subfield><subfield code="a">المقامات,</subfield><subfield code="f">[863ه, 1459م].</subfield></datafield><datafield tag="880" ind1="1" ind2="0"><subfield code="6">240-02/</subfield><subfield code="a">مقامات</subfield></datafield><datafield tag="880" ind1="0" ind2=" "><subfield code="6">100-01/</subfield><subfield code="a">حريري.</subfield></datafield><datafield tag="CID" ind1=" " ind2=" "><subfield code="a">006836653</subfield></datafield><datafield tag="DAT" ind1="0" ind2=" "><subfield code="a">20190719102641.0</subfield><subfield code="b">20190719000000.0</subfield></datafield><datafield tag="DAT" ind1="1" ind2=" "><subfield code="a">20190719090653.0</subfield><subfield code="b">2019-07-19T16:10:52Z</subfield></datafield><datafield tag="DAT" ind1="2" ind2=" "><subfield code="a">2015-10-02T18:00:03Z</subfield></datafield><datafield tag="CAT" ind1=" " ind2=" "><subfield code="a">SDR-MIU</subfield><subfield code="d">EX LIBRIS - ALEPH</subfield><subfield code="l">prepare.pl-004-008</subfield></datafield><datafield tag="FMT" ind1=" " ind2=" "><subfield code="a">BK</subfield></datafield><datafield tag="HOL" ind1=" " ind2=" "><subfield code="0">sdr-miu006836653</subfield><subfield code="a">MiU</subfield><subfield code="b">SDR</subfield><subfield code="c">MIU</subfield><subfield code="p">mdp.39015079132406</subfield><subfield code="s">MIU</subfield><subfield code="1">006836653</subfield></datafield><datafield tag="974" ind1=" " ind2=" "><subfield code="b">MIU</subfield><subfield code="c">MIU</subfield><subfield code="d">20190719</subfield><subfield code="s">lit-dlps-dc</subfield><subfield code="u">mdp.39015079132406</subfield><subfield code="y">1459</subfield><subfield code="r">pd</subfield><subfield code="q">bib</subfield><subfield code="t">non-US bib date1 &lt; 1896</subfield></datafield></record></collection>